
<record>
  <controlfield tag="001">367731</controlfield>
  <datafield tag="035" ind1=" " ind2=" ">
    <subfield code="a">Enomoto:1993vb</subfield>
    <subfield code="9">SPIRESTeX</subfield>
  </datafield>
  <datafield tag="710" ind1=" " ind2=" ">
    <subfield code="g">TOPAZ</subfield>
  </datafield>
  <datafield tag="245" ind1=" " ind2=" ">
    <subfield code="a">Measurement of the D*+- cross-section using a soft-pion analysis in two photon processes</subfield>
  </datafield>
</record>

</collection>